@manual{MDN,
    title = {{Browser Extensions}},
    author = {MDN Web Docs},
    url = {https://developer.mozilla.org/en-US/docs/Mozilla/Add-ons/WebExtensions},
    month = {10},
    year = {2021},
}

@manual{ChromeExt,
    title = {{What are extensions?}},
    author = {Chrome Developers},
    url = {https://developer.chrome.com/docs/extensions/mv3/overview/},
    month = {2},
    year = {2013},
}

@misc{fregante,
    author = {Brigante, Federico},
    title = {\texttt{browser-extension-template}},
    year = {2021}, % 2019
    publisher = {GitHub},
    journal = {GitHub repository},
    howpublished = {\url{https://github.com/fregante/browser-extension-template}},
    commit = {f8c6ab654f3083fb489089efa247b67354de0755},
}

@misc{gtalarico,
    author = {Talarico, Gui},
    title = {\texttt{Flask-VueJs-Template}},
    year = {2021}, % 2017
    publisher = {GitHub},
    journal = {GitHub repository},
    howpublished = {\url{https://github.com/gtalarico/flask-vuejs-template}},
    commit = {5106acf6430e0d09d174d4f09109e903ee7d6128},
}

@misc{sivertschou,
    author = {Olsen, Sivert Schou},
    title = {{Chrome Extension boilerplate created with React Typescript}},
    year = {2020},
    publisher = {GitHub},
    journal = {GitHub repository},
    howpublished = {\url{https://github.com/sivertschou/react-typescript-chrome-extension-boilerplate}},
    commit = {0bb92619e4f5ce702a03e3d8809d09e055c6a1b6},
}

@online{EthicalConsumer,
    title = {Ethical Consumer},
    url = {https://www.ethicalconsumer.org/},
    abstractNote = {Your personal ethical consumer guide. Independent product guides, research, information and analysis since 1989.},
    journal = {Ethical Consumer},
}

@online{SU-EATABLE,
    title = {SU-EATABLE LIFE},
    url = {https://www.sueatablelife.eu/en/},
    abstractNote = {SU-EATABLE LIFE, a three-year project financed by the EU LIFE program, aims to reduce the environmental impact (GHG emissions and water consumption) related to our food choices, by engaging EU citizens to adopt a healthy and more sustainable diet.},
    author = {http://www.gag.it, G. A. G.},
}

@online{evocco,
    title = {{Evocco}},
    url = {https://www.evocco.com},
    journal = {evocco},
}

@online{LaFourche,
    title = {{La Fourche}},
    url = {https://lafourche.fr},
    abstractNote = {Economisez de 25 à 50 sur les produits bio les plus écologiques et naturels: alimentation bio, vrac, maquillage bio, couches écologiques, zéro déchet, droguerie écologique, hygiène et soins bio...},
    journal = {La Fourche},
}

@online{Finch,
    title = {{Finch}},
    url = {https://www.choosefinch.com},
    abstractNote = {Finch educates people on the ins and outs of sustainability with simple, actionable product insights. Launching as a browser extension, Finch combines real science and real reviews to pinpoint the stuff you actually want to use, the stuff that doesn’t suck, and the stuff that’s better for the planet},
    journal = {Finch},
}

@online{2030,
    title = {{2030 Calculator}},
    url = {https://www.2030calculator.com/},
}

@misc{howgreen,
    title = {{How Green}},
    url = {https://github.com/ineshbose/how-green},
    year = {2021},
    publisher = {GitHub},
    journal = {GitHub repository},
}

@online{React,
    title = {{React}},
    url = {https://reactjs.org/},
}

@online{ReactBootstrap,
    title = {{React-Bootstrap}},
    url = {https://react-bootstrap.github.io/},
}

@online{Vue2,
    title = {{Vue.js}},
    url = {https://vuejs.org/v2/guide/},
}

@online{BootstrapVue,
    title = {{BootstrapVue}},
    url = {https://bootstrap-vue.org/},
}

@online{ChartJS,
    title = {{Chart.js}},
    url = {https://www.chartjs.org/},
}

@online{Flask,
    title = {{Flask}},
    url = {https://flask.palletsprojects.com/en/2.0.x/},
}

@online{FlaskRESTX,
    title = {{Flask-RESTX}},
    url = {https://flask-restx.readthedocs.io/en/latest/},
}

@online{BeautifulSoup,
    title = {{Beautiful Soup}},
    url = {https://www.crummy.com/software/BeautifulSoup/},
}

@online{Tesco,
    title = {{Tesco}},
    url = {https://www.tesco.com/},
}

@online{PCF,
    title = {{Product Carbon Footprint (PCF) iPoint-systems}},
    url = {https://www.ifu.com/product-carbon-footprint/},
}

@misc{Honey,
    title = {{Honey}},
    url = {https://www.joinhoney.com/explore},
    abstractNote = {Honey is a browser extension that automatically finds and applies coupon codes at checkout with a single click.},
    journal = {Honey},
}
